
<record>
  <controlfield tag="001">367726</controlfield>
  <datafield tag="035" ind1=" " ind2=" ">
    <subfield code="a">Kim:1993uw</subfield>
    <subfield code="9">SPIRESTeX</subfield>
  </datafield>
  <datafield tag="710" ind1=" " ind2=" ">
    <subfield code="g">AMY</subfield>
  </datafield>
  <datafield tag="245" ind1=" " ind2=" ">
    <subfield code="a">Measurements of the inclusive jet cross-section in photon photon interactions at TRISTAN</subfield>
  </datafield>
</record>

</collection>